%YAML 1.1
%TAG !u! tag:unity3d.com,2011:
--- !u!1 &230608996779190192
GameObject:
  m_ObjectHideFlags: 0
  m_CorrespondingSourceObject: {fileID: 0}
  m_PrefabInstance: {fileID: 0}
  m_PrefabAsset: {fileID: 0}
  serializedVersion: 6
  m_Component:
  - component: {fileID: 347519543767646115}
  m_Layer: 0
  m_Name: ShootPosFront
  m_TagString: Untagged
  m_Icon: {fileID: 0}
  m_NavMeshLayer: 0
  m_StaticEditorFlags: 0
  m_IsActive: 1
--- !u!4 &347519543767646115
Transform:
  m_ObjectHideFlags: 0
  m_CorrespondingSourceObject: {fileID: 0}
  m_PrefabInstance: {fileID: 0}
  m_PrefabAsset: {fileID: 0}
  m_GameObject: {fileID: 230608996779190192}
  m_LocalRotation: {x: -0, y: -0, z: -0, w: 1}
  m_LocalPosition: {x: 0, y: 0, z: 1}
  m_LocalScale: {x: 1, y: 1, z: 1}
  m_Children: []
  m_Father: {fileID: 4072140125001416045}
  m_RootOrder: 0
  m_LocalEulerAnglesHint: {x: 0, y: 0, z: 0}
--- !u!1 &1124160367553468625
GameObject:
  m_ObjectHideFlags: 0
  m_CorrespondingSourceObject: {fileID: 0}
  m_PrefabInstance: {fileID: 0}
  m_PrefabAsset: {fileID: 0}
  serializedVersion: 6
  m_Component:
  - component: {fileID: 2016958652977991873}
  - component: {fileID: 3798607225833779915}
  - component: {fileID: 9128344555462009042}
  m_Layer: 0
  m_Name: Avoid
  m_TagString: Untagged
  m_Icon: {fileID: 0}
  m_NavMeshLayer: 0
  m_StaticEditorFlags: 0
  m_IsActive: 1
--- !u!4 &2016958652977991873
Transform:
  m_ObjectHideFlags: 0
  m_CorrespondingSourceObject: {fileID: 0}
  m_PrefabInstance: {fileID: 0}
  m_PrefabAsset: {fileID: 0}
  m_GameObject: {fileID: 1124160367553468625}
  m_LocalRotation: {x: 0, y: 0, z: 0, w: 1}
  m_LocalPosition: {x: 0, y: 0, z: 0}
  m_LocalScale: {x: 1, y: 1, z: 1}
  m_Children: []
  m_Father: {fileID: 5221846535547119608}
  m_RootOrder: 5
  m_LocalEulerAnglesHint: {x: 0, y: 0, z: 0}
--- !u!136 &3798607225833779915
CapsuleCollider:
  m_ObjectHideFlags: 0
  m_CorrespondingSourceObject: {fileID: 0}
  m_PrefabInstance: {fileID: 0}
  m_PrefabAsset: {fileID: 0}
  m_GameObject: {fileID: 1124160367553468625}
  m_Material: {fileID: 0}
  m_IsTrigger: 1
  m_Enabled: 1
  m_Radius: 0.7
  m_Height: 2.25
  m_Direction: 1
  m_Center: {x: 0, y: 1.35, z: 0}
--- !u!114 &9128344555462009042
MonoBehaviour:
  m_ObjectHideFlags: 0
  m_CorrespondingSourceObject: {fileID: 0}
  m_PrefabInstance: {fileID: 0}
  m_PrefabAsset: {fileID: 0}
  m_GameObject: {fileID: 1124160367553468625}
  m_Enabled: 1
  m_EditorHideFlags: 0
  m_Script: {fileID: 11500000, guid: b2dd3e698671e884389a5cb7cba5acb6, type: 3}
  m_Name: 
  m_EditorClassIdentifier: 
--- !u!1 &1753894955323529796
GameObject:
  m_ObjectHideFlags: 0
  m_CorrespondingSourceObject: {fileID: 0}
  m_PrefabInstance: {fileID: 0}
  m_PrefabAsset: {fileID: 0}
  serializedVersion: 6
  m_Component:
  - component: {fileID: 1154391312171785880}
  m_Layer: 0
  m_Name: Fill Area
  m_TagString: Untagged
  m_Icon: {fileID: 0}
  m_NavMeshLayer: 0
  m_StaticEditorFlags: 0
  m_IsActive: 1
--- !u!224 &1154391312171785880
RectTransform:
  m_ObjectHideFlags: 0
  m_CorrespondingSourceObject: {fileID: 0}
  m_PrefabInstance: {fileID: 0}
  m_PrefabAsset: {fileID: 0}
  m_GameObject: {fileID: 1753894955323529796}
  m_LocalRotation: {x: 0, y: 0, z: 0, w: 1}
  m_LocalPosition: {x: 0, y: 0, z: 0}
  m_LocalScale: {x: 1, y: 1, z: 1}
  m_Children:
  - {fileID: 4166051476865351426}
  m_Father: {fileID: 1056075183086891672}
  m_RootOrder: 1
  m_LocalEulerAnglesHint: {x: 0, y: 0, z: 0}
  m_AnchorMin: {x: 0, y: 0}
  m_AnchorMax: {x: 1, y: 1}
  m_AnchoredPosition: {x: 0, y: 0}
  m_SizeDelta: {x: 0, y: 0}
  m_Pivot: {x: 0.5, y: 0.5}
--- !u!1 &1917902559202663230
GameObject:
  m_ObjectHideFlags: 0
  m_CorrespondingSourceObject: {fileID: 0}
  m_PrefabInstance: {fileID: 0}
  m_PrefabAsset: {fileID: 0}
  serializedVersion: 6
  m_Component:
  - component: {fileID: 1056075183086891672}
  - component: {fileID: 7748187155396656847}
  m_Layer: 0
  m_Name: SldHp
  m_TagString: Untagged
  m_Icon: {fileID: 0}
  m_NavMeshLayer: 0
  m_StaticEditorFlags: 0
  m_IsActive: 1
--- !u!224 &1056075183086891672
RectTransform:
  m_ObjectHideFlags: 0
  m_CorrespondingSourceObject: {fileID: 0}
  m_PrefabInstance: {fileID: 0}
  m_PrefabAsset: {fileID: 0}
  m_GameObject: {fileID: 1917902559202663230}
  m_LocalRotation: {x: 0, y: 0, z: 0, w: 1}
  m_LocalPosition: {x: 0, y: 0, z: 0}
  m_LocalScale: {x: 1, y: 1, z: 1}
  m_Children:
  - {fileID: 589756297250960630}
  - {fileID: 1154391312171785880}
  m_Father: {fileID: 8632359489964155579}
  m_RootOrder: 0
  m_LocalEulerAnglesHint: {x: 0, y: 0, z: 0}
  m_AnchorMin: {x: 0.5, y: 0.5}
  m_AnchorMax: {x: 0.5, y: 0.5}
  m_AnchoredPosition: {x: 0, y: 0}
  m_SizeDelta: {x: 160, y: 25}
  m_Pivot: {x: 0.5, y: 0.5}
--- !u!114 &7748187155396656847
MonoBehaviour:
  m_ObjectHideFlags: 0
  m_CorrespondingSourceObject: {fileID: 0}
  m_PrefabInstance: {fileID: 0}
  m_PrefabAsset: {fileID: 0}
  m_GameObject: {fileID: 1917902559202663230}
  m_Enabled: 1
  m_EditorHideFlags: 0
  m_Script: {fileID: -113659843, guid: f70555f144d8491a825f0804e09c671c, type: 3}
  m_Name: 
  m_EditorClassIdentifier: 
  m_Navigation:
    m_Mode: 0
    m_SelectOnUp: {fileID: 0}
    m_SelectOnDown: {fileID: 0}
    m_SelectOnLeft: {fileID: 0}
    m_SelectOnRight: {fileID: 0}
  m_Transition: 0
  m_Colors:
    m_NormalColor: {r: 1, g: 1, b: 1, a: 1}
    m_HighlightedColor: {r: 0.9607843, g: 0.9607843, b: 0.9607843, a: 1}
    m_PressedColor: {r: 0.78431374, g: 0.78431374, b: 0.78431374, a: 1}
    m_SelectedColor: {r: 0.9607843, g: 0.9607843, b: 0.9607843, a: 1}
    m_DisabledColor: {r: 0.78431374, g: 0.78431374, b: 0.78431374, a: 0.5019608}
    m_ColorMultiplier: 1
    m_FadeDuration: 0.1
  m_SpriteState:
    m_HighlightedSprite: {fileID: 0}
    m_PressedSprite: {fileID: 0}
    m_SelectedSprite: {fileID: 0}
    m_DisabledSprite: {fileID: 0}
  m_AnimationTriggers:
    m_NormalTrigger: Normal
    m_HighlightedTrigger: Highlighted
    m_PressedTrigger: Pressed
    m_SelectedTrigger: Selected
    m_DisabledTrigger: Disabled
  m_Interactable: 1
  m_TargetGraphic: {fileID: 0}
  m_FillRect: {fileID: 4166051476865351426}
  m_HandleRect: {fileID: 0}
  m_Direction: 0
  m_MinValue: 0
  m_MaxValue: 1
  m_WholeNumbers: 0
  m_Value: 0.47
  m_OnValueChanged:
    m_PersistentCalls:
      m_Calls: []
    m_TypeName: UnityEngine.UI.Slider+SliderEvent, UnityEngine.UI, Version=1.0.0.0,
      Culture=neutral, PublicKeyToken=null
--- !u!1 &2028114377495225556
GameObject:
  m_ObjectHideFlags: 0
  m_CorrespondingSourceObject: {fileID: 0}
  m_PrefabInstance: {fileID: 0}
  m_PrefabAsset: {fileID: 0}
  serializedVersion: 6
  m_Component:
  - component: {fileID: 8716303522307044690}
  m_Layer: 0
  m_Name: Skull
  m_TagString: Untagged
  m_Icon: {fileID: 0}
  m_NavMeshLayer: 0
  m_StaticEditorFlags: 0
  m_IsActive: 1
--- !u!4 &8716303522307044690
Transform:
  m_ObjectHideFlags: 0
  m_CorrespondingSourceObject: {fileID: 0}
  m_PrefabInstance: {fileID: 0}
  m_PrefabAsset: {fileID: 0}
  m_GameObject: {fileID: 2028114377495225556}
  m_LocalRotation: {x: 0, y: 0, z: 0, w: 1}
  m_LocalPosition: {x: 0.12011719, y: 1.5505371, z: 0.051513672}
  m_LocalScale: {x: 0.5, y: 0.5, z: 0.5}
  m_Children:
  - {fileID: 5221846535547119608}
  - {fileID: 8632359489964155579}
  m_Father: {fileID: 0}
  m_RootOrder: 0
  m_LocalEulerAnglesHint: {x: 0, y: 0, z: 0}
--- !u!1 &2093453938680033819
GameObject:
  m_ObjectHideFlags: 0
  m_CorrespondingSourceObject: {fileID: 0}
  m_PrefabInstance: {fileID: 0}
  m_PrefabAsset: {fileID: 0}
  serializedVersion: 6
  m_Component:
  - component: {fileID: 4166051476865351426}
  - component: {fileID: 3205773790266308472}
  - component: {fileID: 4662927784987824102}
  m_Layer: 0
  m_Name: Fill
  m_TagString: Untagged
  m_Icon: {fileID: 0}
  m_NavMeshLayer: 0
  m_StaticEditorFlags: 0
  m_IsActive: 1
--- !u!224 &4166051476865351426
RectTransform:
  m_ObjectHideFlags: 0
  m_CorrespondingSourceObject: {fileID: 0}
  m_PrefabInstance: {fileID: 0}
  m_PrefabAsset: {fileID: 0}
  m_GameObject: {fileID: 2093453938680033819}
  m_LocalRotation: {x: 0, y: 0, z: 0, w: 1}
  m_LocalPosition: {x: 0, y: 0, z: 0}
  m_LocalScale: {x: 1, y: 1, z: 1}
  m_Children: []
  m_Father: {fileID: 1154391312171785880}
  m_RootOrder: 0
  m_LocalEulerAnglesHint: {x: 0, y: 0, z: 0}
  m_AnchorMin: {x: 0, y: 0}
  m_AnchorMax: {x: 0, y: 0}
  m_AnchoredPosition: {x: 0, y: 0}
  m_SizeDelta: {x: 0, y: 0}
  m_Pivot: {x: 0.5, y: 0.5}
--- !u!222 &3205773790266308472
CanvasRenderer:
  m_ObjectHideFlags: 0
  m_CorrespondingSourceObject: {fileID: 0}
  m_PrefabInstance: {fileID: 0}
  m_PrefabAsset: {fileID: 0}
  m_GameObject: {fileID: 2093453938680033819}
  m_CullTransparentMesh: 0
--- !u!114 &4662927784987824102
MonoBehaviour:
  m_ObjectHideFlags: 0
  m_CorrespondingSourceObject: {fileID: 0}
  m_PrefabInstance: {fileID: 0}
  m_PrefabAsset: {fileID: 0}
  m_GameObject: {fileID: 2093453938680033819}
  m_Enabled: 1
  m_EditorHideFlags: 0
  m_Script: {fileID: -765806418, guid: f70555f144d8491a825f0804e09c671c, type: 3}
  m_Name: 
  m_EditorClassIdentifier: 
  m_Material: {fileID: 0}
  m_Color: {r: 1, g: 1, b: 1, a: 1}
  m_RaycastTarget: 1
  m_OnCullStateChanged:
    m_PersistentCalls:
      m_Calls: []
    m_TypeName: UnityEngine.UI.MaskableGraphic+CullStateChangedEvent, UnityEngine.UI,
      Version=1.0.0.0, Culture=neutral, PublicKeyToken=null
  m_Sprite: {fileID: 21300000, guid: 705f3a69250bd8649beb8737c75ebb6d, type: 3}
  m_Type: 0
  m_PreserveAspect: 0
  m_FillCenter: 1
  m_FillMethod: 4
  m_FillAmount: 1
  m_FillClockwise: 1
  m_FillOrigin: 0
  m_UseSpriteMesh: 0
--- !u!1 &4095299340411646488
GameObject:
  m_ObjectHideFlags: 0
  m_CorrespondingSourceObject: {fileID: 0}
  m_PrefabInstance: {fileID: 0}
  m_PrefabAsset: {fileID: 0}
  serializedVersion: 6
  m_Component:
  - component: {fileID: 1334908982326145452}
  - component: {fileID: 11711741905754539}
  - component: {fileID: 4700370796317229455}
  - component: {fileID: 2855441125626787533}
  - component: {fileID: 3113855836327516210}
  m_Layer: 0
  m_Name: TxtHp
  m_TagString: Untagged
  m_Icon: {fileID: 0}
  m_NavMeshLayer: 0
  m_StaticEditorFlags: 0
  m_IsActive: 1
--- !u!224 &1334908982326145452
RectTransform:
  m_ObjectHideFlags: 0
  m_CorrespondingSourceObject: {fileID: 0}
  m_PrefabInstance: {fileID: 0}
  m_PrefabAsset: {fileID: 0}
  m_GameObject: {fileID: 4095299340411646488}
  m_LocalRotation: {x: 0, y: 0, z: 0, w: 1}
  m_LocalPosition: {x: 0, y: 0, z: -0}
  m_LocalScale: {x: 1, y: 1, z: 1}
  m_Children: []
  m_Father: {fileID: 8632359489964155579}
  m_RootOrder: 1
  m_LocalEulerAnglesHint: {x: 0, y: 0, z: 0}
  m_AnchorMin: {x: 0.5, y: 0.5}
  m_AnchorMax: {x: 0.5, y: 0.5}
  m_AnchoredPosition: {x: 0, y: -1.8}
  m_SizeDelta: {x: 160, y: 29.4}
  m_Pivot: {x: 0.5, y: 0.5}
--- !u!222 &11711741905754539
CanvasRenderer:
  m_ObjectHideFlags: 0
  m_CorrespondingSourceObject: {fileID: 0}
  m_PrefabInstance: {fileID: 0}
  m_PrefabAsset: {fileID: 0}
  m_GameObject: {fileID: 4095299340411646488}
  m_CullTransparentMesh: 0
--- !u!114 &4700370796317229455
MonoBehaviour:
  m_ObjectHideFlags: 0
  m_CorrespondingSourceObject: {fileID: 0}
  m_PrefabInstance: {fileID: 0}
  m_PrefabAsset: {fileID: 0}
  m_GameObject: {fileID: 4095299340411646488}
  m_Enabled: 1
  m_EditorHideFlags: 0
  m_Script: {fileID: 708705254, guid: f70555f144d8491a825f0804e09c671c, type: 3}
  m_Name: 
  m_EditorClassIdentifier: 
  m_Material: {fileID: 0}
  m_Color: {r: 1, g: 1, b: 1, a: 1}
  m_RaycastTarget: 1
  m_OnCullStateChanged:
    m_PersistentCalls:
      m_Calls: []
    m_TypeName: UnityEngine.UI.MaskableGraphic+CullStateChangedEvent, UnityEngine.UI,
      Version=1.0.0.0, Culture=neutral, PublicKeyToken=null
  m_FontData:
    m_Font: {fileID: 10102, guid: 0000000000000000e000000000000000, type: 0}
    m_FontSize: 24
    m_FontStyle: 1
    m_BestFit: 0
    m_MinSize: 2
    m_MaxSize: 60
    m_Alignment: 1
    m_AlignByGeometry: 0
    m_RichText: 1
    m_HorizontalOverflow: 0
    m_VerticalOverflow: 0
    m_LineSpacing: 1
  m_Text: 00
--- !u!114 &2855441125626787533
MonoBehaviour:
  m_ObjectHideFlags: 0
  m_CorrespondingSourceObject: {fileID: 0}
  m_PrefabInstance: {fileID: 0}
  m_PrefabAsset: {fileID: 0}
  m_GameObject: {fileID: 4095299340411646488}
  m_Enabled: 1
  m_EditorHideFlags: 0
  m_Script: {fileID: -900027084, guid: f70555f144d8491a825f0804e09c671c, type: 3}
  m_Name: 
  m_EditorClassIdentifier: 
  m_EffectColor: {r: 0, g: 0, b: 0, a: 0.9019608}
  m_EffectDistance: {x: 1.5, y: 1.5}
  m_UseGraphicAlpha: 1
--- !u!114 &3113855836327516210
MonoBehaviour:
  m_ObjectHideFlags: 0
  m_CorrespondingSourceObject: {fileID: 0}
  m_PrefabInstance: {fileID: 0}
  m_PrefabAsset: {fileID: 0}
  m_GameObject: {fileID: 4095299340411646488}
  m_Enabled: 1
  m_EditorHideFlags: 0
  m_Script: {fileID: -900027084, guid: f70555f144d8491a825f0804e09c671c, type: 3}
  m_Name: 
  m_EditorClassIdentifier: 
  m_EffectColor: {r: 0, g: 0, b: 0, a: 0.9019608}
  m_EffectDistance: {x: 1, y: 1}
  m_UseGraphicAlpha: 1
--- !u!1 &4271964399733988927
GameObject:
  m_ObjectHideFlags: 0
  m_CorrespondingSourceObject: {fileID: 0}
  m_PrefabInstance: {fileID: 0}
  m_PrefabAsset: {fileID: 0}
  serializedVersion: 6
  m_Component:
  - component: {fileID: 589756297250960630}
  - component: {fileID: 4218821496337219844}
  - component: {fileID: 200812244972187591}
  m_Layer: 0
  m_Name: Background
  m_TagString: Untagged
  m_Icon: {fileID: 0}
  m_NavMeshLayer: 0
  m_StaticEditorFlags: 0
  m_IsActive: 1
--- !u!224 &589756297250960630
RectTransform:
  m_ObjectHideFlags: 0
  m_CorrespondingSourceObject: {fileID: 0}
  m_PrefabInstance: {fileID: 0}
  m_PrefabAsset: {fileID: 0}
  m_GameObject: {fileID: 4271964399733988927}
  m_LocalRotation: {x: 0, y: 0, z: 0, w: 1}
  m_LocalPosition: {x: 0, y: 0, z: 0}
  m_LocalScale: {x: 1, y: 1, z: 1}
  m_Children: []
  m_Father: {fileID: 1056075183086891672}
  m_RootOrder: 0
  m_LocalEulerAnglesHint: {x: 0, y: 0, z: 0}
  m_AnchorMin: {x: 0, y: 0}
  m_AnchorMax: {x: 1, y: 1}
  m_AnchoredPosition: {x: 0, y: 0}
  m_SizeDelta: {x: 0, y: 0}
  m_Pivot: {x: 0.5, y: 0.5}
--- !u!222 &4218821496337219844
CanvasRenderer:
  m_ObjectHideFlags: 0
  m_CorrespondingSourceObject: {fileID: 0}
  m_PrefabInstance: {fileID: 0}
  m_PrefabAsset: {fileID: 0}
  m_GameObject: {fileID: 4271964399733988927}
  m_CullTransparentMesh: 0
--- !u!114 &200812244972187591
MonoBehaviour:
  m_ObjectHideFlags: 0
  m_CorrespondingSourceObject: {fileID: 0}
  m_PrefabInstance: {fileID: 0}
  m_PrefabAsset: {fileID: 0}
  m_GameObject: {fileID: 4271964399733988927}
  m_Enabled: 1
  m_EditorHideFlags: 0
  m_Script: {fileID: -765806418, guid: f70555f144d8491a825f0804e09c671c, type: 3}
  m_Name: 
  m_EditorClassIdentifier: 
  m_Material: {fileID: 0}
  m_Color: {r: 0, g: 0, b: 0, a: 0.5019608}
  m_RaycastTarget: 1
  m_OnCullStateChanged:
    m_PersistentCalls:
      m_Calls: []
    m_TypeName: UnityEngine.UI.MaskableGraphic+CullStateChangedEvent, UnityEngine.UI,
      Version=1.0.0.0, Culture=neutral, PublicKeyToken=null
  m_Sprite: {fileID: 21300000, guid: 705f3a69250bd8649beb8737c75ebb6d, type: 3}
  m_Type: 0
  m_PreserveAspect: 0
  m_FillCenter: 1
  m_FillMethod: 4
  m_FillAmount: 1
  m_FillClockwise: 1
  m_FillOrigin: 0
  m_UseSpriteMesh: 0
--- !u!1 &4406403558300602155
GameObject:
  m_ObjectHideFlags: 0
  m_CorrespondingSourceObject: {fileID: 0}
  m_PrefabInstance: {fileID: 0}
  m_PrefabAsset: {fileID: 0}
  serializedVersion: 6
  m_Component:
  - component: {fileID: 8632359489964155579}
  - component: {fileID: 4963732746775185410}
  - component: {fileID: 5670713386668348496}
  m_Layer: 0
  m_Name: UI
  m_TagString: Untagged
  m_Icon: {fileID: 0}
  m_NavMeshLayer: 0
  m_StaticEditorFlags: 0
  m_IsActive: 1
--- !u!224 &8632359489964155579
RectTransform:
  m_ObjectHideFlags: 0
  m_CorrespondingSourceObject: {fileID: 0}
  m_PrefabInstance: {fileID: 0}
  m_PrefabAsset: {fileID: 0}
  m_GameObject: {fileID: 4406403558300602155}
  m_LocalRotation: {x: 0.5, y: -0, z: -0, w: 0.8660254}
  m_LocalPosition: {x: 0, y: 0, z: 0}
  m_LocalScale: {x: 0.02, y: 0.02, z: 0.02}
  m_Children:
  - {fileID: 1056075183086891672}
  - {fileID: 1334908982326145452}
  m_Father: {fileID: 8716303522307044690}
  m_RootOrder: 1
  m_LocalEulerAnglesHint: {x: 60, y: 0, z: 0}
  m_AnchorMin: {x: 0, y: 0}
  m_AnchorMax: {x: 0, y: 0}
  m_AnchoredPosition: {x: 0, y: 2.728}
  m_SizeDelta: {x: 1, y: 1}
  m_Pivot: {x: 0.5, y: 0.5}
--- !u!223 &4963732746775185410
Canvas:
  m_ObjectHideFlags: 0
  m_CorrespondingSourceObject: {fileID: 0}
  m_PrefabInstance: {fileID: 0}
  m_PrefabAsset: {fileID: 0}
  m_GameObject: {fileID: 4406403558300602155}
  m_Enabled: 1
  serializedVersion: 3
  m_RenderMode: 2
  m_Camera: {fileID: 0}
  m_PlaneDistance: 100
  m_PixelPerfect: 0
  m_ReceivesEvents: 1
  m_OverrideSorting: 0
  m_OverridePixelPerfect: 0
  m_SortingBucketNormalizedSize: 0
  m_AdditionalShaderChannelsFlag: 0
  m_SortingLayerID: 0
  m_SortingOrder: 1
  m_TargetDisplay: 0
--- !u!1818360608 &5670713386668348496
PositionConstraint:
  m_ObjectHideFlags: 0
  m_CorrespondingSourceObject: {fileID: 0}
  m_PrefabInstance: {fileID: 0}
  m_PrefabAsset: {fileID: 0}
  m_GameObject: {fileID: 4406403558300602155}
  m_Enabled: 1
  m_Weight: 1
  m_TranslationAtRest: {x: 0, y: 2.728, z: 0}
  m_TranslationOffset: {x: 0, y: 2.728, z: 0}
  m_AffectTranslationX: 1
  m_AffectTranslationY: 1
  m_AffectTranslationZ: 1
  m_IsContraintActive: 1
  m_IsLocked: 0
  m_Sources:
  - sourceTransform: {fileID: 5221846535547119608}
    weight: 1
--- !u!1 &4495246330457691292
GameObject:
  m_ObjectHideFlags: 0
  m_CorrespondingSourceObject: {fileID: 0}
  m_PrefabInstance: {fileID: 0}
  m_PrefabAsset: {fileID: 0}
  serializedVersion: 6
  m_Component:
  - component: {fileID: 1417076850222335381}
  m_Layer: 0
  m_Name: ShootPosLeft
  m_TagString: Untagged
  m_Icon: {fileID: 0}
  m_NavMeshLayer: 0
  m_StaticEditorFlags: 0
  m_IsActive: 1
--- !u!4 &1417076850222335381
Transform:
  m_ObjectHideFlags: 0
  m_CorrespondingSourceObject: {fileID: 0}
  m_PrefabInstance: {fileID: 0}
  m_PrefabAsset: {fileID: 0}
  m_GameObject: {fileID: 4495246330457691292}
  m_LocalRotation: {x: 0, y: -0.7071068, z: 0, w: 0.7071068}
  m_LocalPosition: {x: -1, y: 0, z: 0}
  m_LocalScale: {x: 1, y: 1, z: 1}
  m_Children: []
  m_Father: {fileID: 4072140125001416045}
  m_RootOrder: 1
  m_LocalEulerAnglesHint: {x: 0, y: -90, z: 0}
--- !u!1 &5393815679263895895
GameObject:
  m_ObjectHideFlags: 0
  m_CorrespondingSourceObject: {fileID: 0}
  m_PrefabInstance: {fileID: 0}
  m_PrefabAsset: {fileID: 0}
  serializedVersion: 6
  m_Component:
  - component: {fileID: 8147462429207796171}
  - component: {fileID: 7098795517554042920}
  - component: {fileID: 3926460936000979892}
  m_Layer: 0
  m_Name: Model
  m_TagString: Untagged
  m_Icon: {fileID: 0}
  m_NavMeshLayer: 0
  m_StaticEditorFlags: 0
  m_IsActive: 0
--- !u!4 &8147462429207796171
Transform:
  m_ObjectHideFlags: 0
  m_CorrespondingSourceObject: {fileID: 0}
  m_PrefabInstance: {fileID: 0}
  m_PrefabAsset: {fileID: 0}
  m_GameObject: {fileID: 5393815679263895895}
  m_LocalRotation: {x: 0, y: 0, z: 0, w: 1}
  m_LocalPosition: {x: 0, y: 0, z: 0}
  m_LocalScale: {x: 1, y: 1, z: 1}
  m_Children: []
  m_Father: {fileID: 5221846535547119608}
  m_RootOrder: 1
  m_LocalEulerAnglesHint: {x: 0, y: 0, z: 0}
--- !u!33 &7098795517554042920
MeshFilter:
  m_ObjectHideFlags: 0
  m_CorrespondingSourceObject: {fileID: 0}
  m_PrefabInstance: {fileID: 0}
  m_PrefabAsset: {fileID: 0}
  m_GameObject: {fileID: 5393815679263895895}
  m_Mesh: {fileID: 10202, guid: 0000000000000000e000000000000000, type: 0}
--- !u!23 &3926460936000979892
MeshRenderer:
  m_ObjectHideFlags: 0
  m_CorrespondingSourceObject: {fileID: 0}
  m_PrefabInstance: {fileID: 0}
  m_PrefabAsset: {fileID: 0}
  m_GameObject: {fileID: 5393815679263895895}
  m_Enabled: 1
  m_CastShadows: 1
  m_ReceiveShadows: 1
  m_DynamicOccludee: 1
  m_MotionVectors: 1
  m_LightProbeUsage: 1
  m_ReflectionProbeUsage: 1
  m_RenderingLayerMask: 1
  m_RendererPriority: 0
  m_Materials:
  - {fileID: 10302, guid: 0000000000000000f000000000000000, type: 0}
  m_StaticBatchInfo:
    firstSubMesh: 0
    subMeshCount: 0
  m_StaticBatchRoot: {fileID: 0}
  m_ProbeAnchor: {fileID: 0}
  m_LightProbeVolumeOverride: {fileID: 0}
  m_ScaleInLightmap: 1
  m_PreserveUVs: 0
  m_IgnoreNormalsForChartDetection: 0
  m_ImportantGI: 0
  m_StitchLightmapSeams: 1
  m_SelectedEditorRenderState: 3
  m_MinimumChartSize: 4
  m_AutoUVMaxDistance: 0.5
  m_AutoUVMaxAngle: 89
  m_LightmapParameters: {fileID: 0}
  m_SortingLayerID: 0
  m_SortingLayer: 0
  m_SortingOrder: 0
--- !u!1 &5438201920662925392
GameObject:
  m_ObjectHideFlags: 0
  m_CorrespondingSourceObject: {fileID: 0}
  m_PrefabInstance: {fileID: 0}
  m_PrefabAsset: {fileID: 0}
  serializedVersion: 6
  m_Component:
  - component: {fileID: 4028154385527594161}
  - component: {fileID: 4966885239746588157}
  - component: {fileID: 8229822477194653908}
  m_Layer: 0
  m_Name: Attack
  m_TagString: Untagged
  m_Icon: {fileID: 0}
  m_NavMeshLayer: 0
  m_StaticEditorFlags: 0
  m_IsActive: 1
--- !u!4 &4028154385527594161
Transform:
  m_ObjectHideFlags: 0
  m_CorrespondingSourceObject: {fileID: 0}
  m_PrefabInstance: {fileID: 0}
  m_PrefabAsset: {fileID: 0}
  m_GameObject: {fileID: 5438201920662925392}
  m_LocalRotation: {x: 0, y: 0, z: 0, w: 1}
  m_LocalPosition: {x: 0, y: 0, z: 0}
  m_LocalScale: {x: 1, y: 1, z: 1}
  m_Children: []
  m_Father: {fileID: 5221846535547119608}
  m_RootOrder: 4
  m_LocalEulerAnglesHint: {x: 0, y: 0, z: 0}
--- !u!136 &4966885239746588157
CapsuleCollider:
  m_ObjectHideFlags: 0
  m_CorrespondingSourceObject: {fileID: 0}
  m_PrefabInstance: {fileID: 0}
  m_PrefabAsset: {fileID: 0}
  m_GameObject: {fileID: 5438201920662925392}
  m_Material: {fileID: 0}
  m_IsTrigger: 1
  m_Enabled: 1
  m_Radius: 0.56
  m_Height: 2.25
  m_Direction: 1
  m_Center: {x: 0, y: 1.35, z: 0}
--- !u!114 &8229822477194653908
MonoBehaviour:
  m_ObjectHideFlags: 0
  m_CorrespondingSourceObject: {fileID: 0}
  m_PrefabInstance: {fileID: 0}
  m_PrefabAsset: {fileID: 0}
  m_GameObject: {fileID: 5438201920662925392}
  m_Enabled: 1
  m_EditorHideFlags: 0
  m_Script: {fileID: 11500000, guid: 3765aec43c383784e81c63da5cdaa8d6, type: 3}
  m_Name: 
  m_EditorClassIdentifier: 
--- !u!1 &5524429236255049868
GameObject:
  m_ObjectHideFlags: 0
  m_CorrespondingSourceObject: {fileID: 0}
  m_PrefabInstance: {fileID: 0}
  m_PrefabAsset: {fileID: 0}
  serializedVersion: 6
  m_Component:
  - component: {fileID: 4072140125001416045}
  m_Layer: 0
  m_Name: ShootPos
  m_TagString: Untagged
  m_Icon: {fileID: 0}
  m_NavMeshLayer: 0
  m_StaticEditorFlags: 0
  m_IsActive: 1
--- !u!4 &4072140125001416045
Transform:
  m_ObjectHideFlags: 0
  m_CorrespondingSourceObject: {fileID: 0}
  m_PrefabInstance: {fileID: 0}
  m_PrefabAsset: {fileID: 0}
  m_GameObject: {fileID: 5524429236255049868}
  m_LocalRotation: {x: 0, y: 0, z: 0, w: 1}
  m_LocalPosition: {x: 0, y: 0, z: 0}
  m_LocalScale: {x: 1, y: 1, z: 1}
  m_Children:
  - {fileID: 347519543767646115}
  - {fileID: 1417076850222335381}
  - {fileID: 7545493641350753807}
  m_Father: {fileID: 5221846535547119608}
  m_RootOrder: 3
  m_LocalEulerAnglesHint: {x: 0, y: 0, z: 0}
--- !u!1 &6337076296592592639
GameObject:
  m_ObjectHideFlags: 0
  m_CorrespondingSourceObject: {fileID: 0}
  m_PrefabInstance: {fileID: 0}
  m_PrefabAsset: {fileID: 0}
  serializedVersion: 6
  m_Component:
  - component: {fileID: 5221846535547119608}
  - component: {fileID: 1657823718213315796}
  - component: {fileID: 1392302933368257613}
  - component: {fileID: 5265270623224784808}
  - component: {fileID: 5942102818491893632}
  - component: {fileID: 9198440776225127353}
  m_Layer: 13
  m_Name: Skull
  m_TagString: Enemy
  m_Icon: {fileID: 0}
  m_NavMeshLayer: 0
  m_StaticEditorFlags: 0
  m_IsActive: 1
--- !u!4 &5221846535547119608
Transform:
  m_ObjectHideFlags: 0
  m_CorrespondingSourceObject: {fileID: 0}
  m_PrefabInstance: {fileID: 0}
  m_PrefabAsset: {fileID: 0}
  m_GameObject: {fileID: 6337076296592592639}
  m_LocalRotation: {x: 0, y: 0, z: 0, w: 1}
  m_LocalPosition: {x: 0, y: 0, z: 0}
  m_LocalScale: {x: 1, y: 1, z: 1}
  m_Children:
  - {fileID: 4500936258841888967}
  - {fileID: 8147462429207796171}
  - {fileID: 198259272877309072}
  - {fileID: 4072140125001416045}
  - {fileID: 4028154385527594161}
  - {fileID: 2016958652977991873}
  m_Father: {fileID: 8716303522307044690}
  m_RootOrder: 0
  m_LocalEulerAnglesHint: {x: 0, y: 0, z: 0}
--- !u!136 &1657823718213315796
CapsuleCollider:
  m_ObjectHideFlags: 0
  m_CorrespondingSourceObject: {fileID: 0}
  m_PrefabInstance: {fileID: 0}
  m_PrefabAsset: {fileID: 0}
  m_GameObject: {fileID: 6337076296592592639}
  m_Material: {fileID: 13400000, guid: 2f7ca36b99dab1d47afeb640b5d06af2, type: 2}
  m_IsTrigger: 0
  m_Enabled: 1
  m_Radius: 0.56
  m_Height: 2.25
  m_Direction: 1
  m_Center: {x: 0, y: 1.35, z: 0}
--- !u!54 &1392302933368257613
Rigidbody:
  m_ObjectHideFlags: 0
  m_CorrespondingSourceObject: {fileID: 0}
  m_PrefabInstance: {fileID: 0}
  m_PrefabAsset: {fileID: 0}
  m_GameObject: {fileID: 6337076296592592639}
  serializedVersion: 2
  m_Mass: 0.01
  m_Drag: 0
  m_AngularDrag: 0
  m_UseGravity: 0
  m_IsKinematic: 0
  m_Interpolate: 0
  m_Constraints: 116
  m_CollisionDetection: 2
--- !u!114 &5265270623224784808
MonoBehaviour:
  m_ObjectHideFlags: 0
  m_CorrespondingSourceObject: {fileID: 0}
  m_PrefabInstance: {fileID: 0}
  m_PrefabAsset: {fileID: 0}
  m_GameObject: {fileID: 6337076296592592639}
  m_Enabled: 1
  m_EditorHideFlags: 0
  m_Script: {fileID: 11500000, guid: 3a9a40cdb0a9f8e40a83d3348fa71f80, type: 3}
  m_Name: 
  m_EditorClassIdentifier: 
  serializationData:
    SerializedFormat: 2
    SerializedBytes: 
    ReferencedUnityObjects:
    - {fileID: 11400000, guid: 58fe7ec8af4df8b4cb51933db48503e2, type: 2}
    - {fileID: 11400000, guid: 6daeeb28eea01404b9ee319aad69dabd, type: 2}
    - {fileID: 11400000, guid: b8b0e39256f81274e9998e6acd7a2e94, type: 2}
    SerializedBytesString: 
    Prefab: {fileID: 0}
    PrefabModificationsReferencedUnityObjects: []
    PrefabModifications: []
    SerializationNodes:
    - Name: item
      Entry: 7
      Data: 0|System.Collections.Generic.Dictionary`2[[RewardManager+ItemLevel, Assembly-CSharp],[RandomSeedAsset,
        Assembly-CSharp]], mscorlib
    - Name: comparer
      Entry: 7
      Data: 1|System.Collections.Generic.EnumEqualityComparer`1[[RewardManager+ItemLevel,
        Assembly-CSharp]], mscorlib
    - Name: 
      Entry: 12
      Data: 0
    - Name: 
      Entry: 13
      Data: 
    - Name: 
      Entry: 8
      Data: 
    - Name: 
      Entry: 12
      Data: 3
    - Name: 
      Entry: 7
      Data: 
    - Name: 
      Entry: 3
      Data: 1
    - Name: 
      Entry: 10
      Data: 0
    - Name: 
      Entry: 8
      Data: 
    - Name: 
      Entry: 7
      Data: 
    - Name: 
      Entry: 3
      Data: 2
    - Name: 
      Entry: 10
      Data: 1
    - Name: 
      Entry: 8
      Data: 
    - Name: 
      Entry: 7
      Data: 
    - Name: 
      Entry: 3
      Data: 3
    - Name: 
      Entry: 10
      Data: 2
    - Name: 
      Entry: 8
      Data: 
    - Name: 
      Entry: 13
      Data: 
    - Name: 
      Entry: 8
      Data: 
  hp: 500
  attack: 100
  coin: 2
  fallingItemSeed: {fileID: 11400000, guid: 8afe66b8f4ee666409e594d29b83bc1f, type: 2}
  aim: {fileID: 1067792890509128281}
  excuteType: 1
  behaviors:
  - {fileID: 5942102818491893632}
  - {fileID: 9198440776225127353}
--- !u!114 &5942102818491893632
MonoBehaviour:
  m_ObjectHideFlags: 0
  m_CorrespondingSourceObject: {fileID: 0}
  m_PrefabInstance: {fileID: 0}
  m_PrefabAsset: {fileID: 0}
  m_GameObject: {fileID: 6337076296592592639}
  m_Enabled: 1
  m_EditorHideFlags: 0
  m_Script: {fileID: 11500000, guid: f12cef2e3eff0f640a41d2e50916760c, type: 3}
  m_Name: 
  m_EditorClassIdentifier: 
  weight: 0
  isKill: 0
  moveType: 2
  moveSpeed: 5
  moveTime: {x: 0, y: 0}
  forwardAngle: {x: 0, y: 0}
  aimTime: {x: 0, y: 0}
  rushTime: {x: 2, y: 3}
  rushInterval: 0
  rushSpeed: 3
  jumpInterval: 5
--- !u!114 &9198440776225127353
MonoBehaviour:
  m_ObjectHideFlags: 0
  m_CorrespondingSourceObject: {fileID: 0}
  m_PrefabInstance: {fileID: 0}
  m_PrefabAsset: {fileID: 0}
  m_GameObject: {fileID: 6337076296592592639}
  m_Enabled: 1
  m_EditorHideFlags: 0
  m_Script: {fileID: 11500000, guid: f12cef2e3eff0f640a41d2e50916760c, type: 3}
  m_Name: 
  m_EditorClassIdentifier: 
  weight: 0
  isKill: 0
  moveType: 2
  moveSpeed: 5
  moveTime: {x: 0, y: 0}
  forwardAngle: {x: 0, y: 0}
  aimTime: {x: 0, y: 0}
  rushTime: {x: 2, y: 3}
  rushInterval: 0
  rushSpeed: 3
  jumpInterval: 5
--- !u!1 &7918869245007024236
GameObject:
  m_ObjectHideFlags: 0
  m_CorrespondingSourceObject: {fileID: 0}
  m_PrefabInstance: {fileID: 0}
  m_PrefabAsset: {fileID: 0}
  serializedVersion: 6
  m_Component:
  - component: {fileID: 7545493641350753807}
  m_Layer: 0
  m_Name: ShootPosRight
  m_TagString: Untagged
  m_Icon: {fileID: 0}
  m_NavMeshLayer: 0
  m_StaticEditorFlags: 0
  m_IsActive: 1
--- !u!4 &7545493641350753807
Transform:
  m_ObjectHideFlags: 0
  m_CorrespondingSourceObject: {fileID: 0}
  m_PrefabInstance: {fileID: 0}
  m_PrefabAsset: {fileID: 0}
  m_GameObject: {fileID: 7918869245007024236}
  m_LocalRotation: {x: 0, y: 0.7071068, z: 0, w: 0.7071068}
  m_LocalPosition: {x: 1, y: 0, z: 0}
  m_LocalScale: {x: 1, y: 1, z: 1}
  m_Children: []
  m_Father: {fileID: 4072140125001416045}
  m_RootOrder: 2
  m_LocalEulerAnglesHint: {x: 0, y: 90, z: 0}
--- !u!1 &8191015506338038990
GameObject:
  m_ObjectHideFlags: 0
  m_CorrespondingSourceObject: {fileID: 0}
  m_PrefabInstance: {fileID: 0}
  m_PrefabAsset: {fileID: 0}
  serializedVersion: 6
  m_Component:
  - component: {fileID: 198259272877309072}
  - component: {fileID: 1067792890509128281}
  m_Layer: 0
  m_Name: SpriteAim
  m_TagString: Untagged
  m_Icon: {fileID: 0}
  m_NavMeshLayer: 0
  m_StaticEditorFlags: 0
  m_IsActive: 0
--- !u!4 &198259272877309072
Transform:
  m_ObjectHideFlags: 0
  m_CorrespondingSourceObject: {fileID: 0}
  m_PrefabInstance: {fileID: 0}
  m_PrefabAsset: {fileID: 0}
  m_GameObject: {fileID: 8191015506338038990}
  m_LocalRotation: {x: 0.7071068, y: 0, z: 0, w: 0.7071068}
  m_LocalPosition: {x: 0, y: 0.01, z: 0}
  m_LocalScale: {x: 1.5, y: 1.5, z: 1.5}
  m_Children: []
  m_Father: {fileID: 5221846535547119608}
  m_RootOrder: 2
  m_LocalEulerAnglesHint: {x: 90, y: 0, z: 0}
--- !u!212 &1067792890509128281
SpriteRenderer:
  m_ObjectHideFlags: 0
  m_CorrespondingSourceObject: {fileID: 0}
  m_PrefabInstance: {fileID: 0}
  m_PrefabAsset: {fileID: 0}
  m_GameObject: {fileID: 8191015506338038990}
  m_Enabled: 1
  m_CastShadows: 0
  m_ReceiveShadows: 0
  m_DynamicOccludee: 1
  m_MotionVectors: 1
  m_LightProbeUsage: 1
  m_ReflectionProbeUsage: 1
  m_RenderingLayerMask: 1
  m_RendererPriority: 0
  m_Materials:
  - {fileID: 10754, guid: 0000000000000000f000000000000000, type: 0}
  m_StaticBatchInfo:
    firstSubMesh: 0
    subMeshCount: 0
  m_StaticBatchRoot: {fileID: 0}
  m_ProbeAnchor: {fileID: 0}
  m_LightProbeVolumeOverride: {fileID: 0}
  m_ScaleInLightmap: 1
  m_PreserveUVs: 0
  m_IgnoreNormalsForChartDetection: 0
  m_ImportantGI: 0
  m_StitchLightmapSeams: 1
  m_SelectedEditorRenderState: 0
  m_MinimumChartSize: 4
  m_AutoUVMaxDistance: 0.5
  m_AutoUVMaxAngle: 89
  m_LightmapParameters: {fileID: 0}
  m_SortingLayerID: 0
  m_SortingLayer: 0
  m_SortingOrder: 0
  m_Sprite: {fileID: 21300000, guid: b6744e9535cb0f349acf89143400fc6e, type: 3}
  m_Color: {r: 1, g: 0.4198113, b: 0.4198113, a: 1}
  m_FlipX: 0
  m_FlipY: 0
  m_DrawMode: 0
  m_Size: {x: 1.28, y: 1.28}
  m_AdaptiveModeThreshold: 0.5
  m_SpriteTileMode: 0
  m_WasSpriteAssigned: 1
  m_MaskInteraction: 0
  m_SpriteSortPoint: 0
--- !u!1001 &4500936258842022461
PrefabInstance:
  m_ObjectHideFlags: 0
  serializedVersion: 2
  m_Modification:
    m_TransformParent: {fileID: 5221846535547119608}
    m_Modifications:
    - target: {fileID: 100122, guid: a3560bb730612c143852efb7e3d8b458, type: 3}
      propertyPath: m_Name
      value: Skull
      objectReference: {fileID: 0}
    - target: {fileID: 400122, guid: a3560bb730612c143852efb7e3d8b458, type: 3}
      propertyPath: m_LocalPosition.x
      value: 0
      objectReference: {fileID: 0}
    - target: {fileID: 400122, guid: a3560bb730612c143852efb7e3d8b458, type: 3}
      propertyPath: m_LocalPosition.y
      value: -0.3
      objectReference: {fileID: 0}
    - target: {fileID: 400122, guid: a3560bb730612c143852efb7e3d8b458, type: 3}
      propertyPath: m_LocalPosition.z
      value: 0
      objectReference: {fileID: 0}
    - target: {fileID: 400122, guid: a3560bb730612c143852efb7e3d8b458, type: 3}
      propertyPath: m_LocalRotation.x
      value: 0
      objectReference: {fileID: 0}
    - target: {fileID: 400122, guid: a3560bb730612c143852efb7e3d8b458, type: 3}
      propertyPath: m_LocalRotation.y
      value: 0
      objectReference: {fileID: 0}
    - target: {fileID: 400122, guid: a3560bb730612c143852efb7e3d8b458, type: 3}
      propertyPath: m_LocalRotation.z
      value: 0
      objectReference: {fileID: 0}
    - target: {fileID: 400122, guid: a3560bb730612c143852efb7e3d8b458, type: 3}
      propertyPath: m_LocalRotation.w
      value: 1
      objectReference: {fileID: 0}
    - target: {fileID: 400122, guid: a3560bb730612c143852efb7e3d8b458, type: 3}
      propertyPath: m_RootOrder
      value: 0
      objectReference: {fileID: 0}
    - target: {fileID: 400122, guid: a3560bb730612c143852efb7e3d8b458, type: 3}
      propertyPath: m_LocalEulerAnglesHint.x
      value: 0
      objectReference: {fileID: 0}
    - target: {fileID: 400122, guid: a3560bb730612c143852efb7e3d8b458, type: 3}
      propertyPath: m_LocalEulerAnglesHint.y
      value: 0
      objectReference: {fileID: 0}
    - target: {fileID: 400122, guid: a3560bb730612c143852efb7e3d8b458, type: 3}
      propertyPath: m_LocalEulerAnglesHint.z
      value: 0
      objectReference: {fileID: 0}
    - target: {fileID: 400122, guid: a3560bb730612c143852efb7e3d8b458, type: 3}
      propertyPath: m_LocalScale.x
      value: 1.5
      objectReference: {fileID: 0}
    - target: {fileID: 400122, guid: a3560bb730612c143852efb7e3d8b458, type: 3}
      propertyPath: m_LocalScale.y
      value: 1.5
      objectReference: {fileID: 0}
    - target: {fileID: 400122, guid: a3560bb730612c143852efb7e3d8b458, type: 3}
      propertyPath: m_LocalScale.z
      value: 1.5
      objectReference: {fileID: 0}
    - target: {fileID: 400116, guid: a3560bb730612c143852efb7e3d8b458, type: 3}
      propertyPath: m_LocalEulerAnglesHint.x
      value: 1.4195455
      objectReference: {fileID: 0}
    - target: {fileID: 400116, guid: a3560bb730612c143852efb7e3d8b458, type: 3}
      propertyPath: m_LocalEulerAnglesHint.y
      value: -89.95072
      objectReference: {fileID: 0}
    - target: {fileID: 400116, guid: a3560bb730612c143852efb7e3d8b458, type: 3}
      propertyPath: m_LocalEulerAnglesHint.z
      value: -88.47933
      objectReference: {fileID: 0}
    - target: {fileID: 400118, guid: a3560bb730612c143852efb7e3d8b458, type: 3}
      propertyPath: m_LocalEulerAnglesHint.y
      value: -90.00001
      objectReference: {fileID: 0}
    - target: {fileID: 400118, guid: a3560bb730612c143852efb7e3d8b458, type: 3}
      propertyPath: m_LocalEulerAnglesHint.z
      value: -90
      objectReference: {fileID: 0}
    - target: {fileID: 400112, guid: a3560bb730612c143852efb7e3d8b458, type: 3}
      propertyPath: m_LocalEulerAnglesHint.x
      value: 55.26405
      objectReference: {fileID: 0}
    - target: {fileID: 400112, guid: a3560bb730612c143852efb7e3d8b458, type: 3}
      propertyPath: m_LocalEulerAnglesHint.y
      value: 137.5928
      objectReference: {fileID: 0}
    - target: {fileID: 400112, guid: a3560bb730612c143852efb7e3d8b458, type: 3}
      propertyPath: m_LocalEulerAnglesHint.z
      value: 46.855034
      objectReference: {fileID: 0}
    - target: {fileID: 400114, guid: a3560bb730612c143852efb7e3d8b458, type: 3}
      propertyPath: m_LocalEulerAnglesHint.x
      value: 35.46465
      objectReference: {fileID: 0}
    - target: {fileID: 400114, guid: a3560bb730612c143852efb7e3d8b458, type: 3}
      propertyPath: m_LocalEulerAnglesHint.y
      value: 125.866745
      objectReference: {fileID: 0}
    - target: {fileID: 400114, guid: a3560bb730612c143852efb7e3d8b458, type: 3}
      propertyPath: m_LocalEulerAnglesHint.z
      value: 104.53365
      objectReference: {fileID: 0}
    - target: {fileID: 400108, guid: a3560bb730612c143852efb7e3d8b458, type: 3}
      propertyPath: m_LocalEulerAnglesHint.x
      value: 0
      objectReference: {fileID: 0}
    - target: {fileID: 400108, guid: a3560bb730612c143852efb7e3d8b458, type: 3}
      propertyPath: m_LocalEulerAnglesHint.y
      value: -90
      objectReference: {fileID: 0}
    - target: {fileID: 400108, guid: a3560bb730612c143852efb7e3d8b458, type: 3}
      propertyPath: m_LocalEulerAnglesHint.z
      value: -83.48687
      objectReference: {fileID: 0}
    - target: {fileID: 400110, guid: a3560bb730612c143852efb7e3d8b458, type: 3}
      propertyPath: m_LocalEulerAnglesHint.x
      value: -49.92588
      objectReference: {fileID: 0}
    - target: {fileID: 400110, guid: a3560bb730612c143852efb7e3d8b458, type: 3}
      propertyPath: m_LocalEulerAnglesHint.y
      value: 47.08887
      objectReference: {fileID: 0}
    - target: {fileID: 400110, guid: a3560bb730612c143852efb7e3d8b458, type: 3}
      propertyPath: m_LocalEulerAnglesHint.z
      value: 2.1122491
      objectReference: {fileID: 0}
    - target: {fileID: 400104, guid: a3560bb730612c143852efb7e3d8b458, type: 3}
      propertyPath: m_LocalEulerAnglesHint.x
      value: -23.130861
      objectReference: {fileID: 0}
    - target: {fileID: 400104, guid: a3560bb730612c143852efb7e3d8b458, type: 3}
      propertyPath: m_LocalEulerAnglesHint.y
      value: 55.54364
      objectReference: {fileID: 0}
    - target: {fileID: 400104, guid: a3560bb730612c143852efb7e3d8b458, type: 3}
      propertyPath: m_LocalEulerAnglesHint.z
      value: 96.59814
      objectReference: {fileID: 0}
    - target: {fileID: 400106, guid: a3560bb730612c143852efb7e3d8b458, type: 3}
      propertyPath: m_LocalEulerAnglesHint.x
      value: 0
      objectReference: {fileID: 0}
    - target: {fileID: 400106, guid: a3560bb730612c143852efb7e3d8b458, type: 3}
      propertyPath: m_LocalEulerAnglesHint.y
      value: -90
      objectReference: {fileID: 0}
    - target: {fileID: 400106, guid: a3560bb730612c143852efb7e3d8b458, type: 3}
      propertyPath: m_LocalEulerAnglesHint.z
      value: -83.48687
      objectReference: {fileID: 0}
    - target: {fileID: 400100, guid: a3560bb730612c143852efb7e3d8b458, type: 3}
      propertyPath: m_LocalEulerAnglesHint.x
      value: 52.23145
      objectReference: {fileID: 0}
    - target: {fileID: 400100, guid: a3560bb730612c143852efb7e3d8b458, type: 3}
      propertyPath: m_LocalEulerAnglesHint.y
      value: 87.615555
      objectReference: {fileID: 0}
    - target: {fileID: 400100, guid: a3560bb730612c143852efb7e3d8b458, type: 3}
      propertyPath: m_LocalEulerAnglesHint.z
      value: -39.057243
      objectReference: {fileID: 0}
    - target: {fileID: 400102, guid: a3560bb730612c143852efb7e3d8b458, type: 3}
      propertyPath: m_LocalEulerAnglesHint.x
      value: -54.59588
      objectReference: {fileID: 0}
    - target: {fileID: 400102, guid: a3560bb730612c143852efb7e3d8b458, type: 3}
      propertyPath: m_LocalEulerAnglesHint.y
      value: 59.841045
      objectReference: {fileID: 0}
    - target: {fileID: 400102, guid: a3560bb730612c143852efb7e3d8b458, type: 3}
      propertyPath: m_LocalEulerAnglesHint.z
      value: 45.636524
      objectReference: {fileID: 0}
    - target: {fileID: 400096, guid: a3560bb730612c143852efb7e3d8b458, type: 3}
      propertyPath: m_LocalEulerAnglesHint.x
      value: -1.4703851
      objectReference: {fileID: 0}
    - target: {fileID: 400096, guid: a3560bb730612c143852efb7e3d8b458, type: 3}
      propertyPath: m_LocalEulerAnglesHint.y
      value: -89.99997
      objectReference: {fileID: 0}
    - target: {fileID: 400096, guid: a3560bb730612c143852efb7e3d8b458, type: 3}
      propertyPath: m_LocalEulerAnglesHint.z
      value: 78.40181
      objectReference: {fileID: 0}
    - target: {fileID: 400098, guid: a3560bb730612c143852efb7e3d8b458, type: 3}
      propertyPath: m_LocalEulerAnglesHint.x
      value: 1.4462104
      objectReference: {fileID: 0}
    - target: {fileID: 400098, guid: a3560bb730612c143852efb7e3d8b458, type: 3}
      propertyPath: m_LocalEulerAnglesHint.y
      value: -88.75473
      objectReference: {fileID: 0}
    - target: {fileID: 400098, guid: a3560bb730612c143852efb7e3d8b458, type: 3}
      propertyPath: m_LocalEulerAnglesHint.z
      value: -102.062126
      objectReference: {fileID: 0}
    - target: {fileID: 400092, guid: a3560bb730612c143852efb7e3d8b458, type: 3}
      propertyPath: m_LocalEulerAnglesHint.x
      value: -11.212389
      objectReference: {fileID: 0}
    - target: {fileID: 400092, guid: a3560bb730612c143852efb7e3d8b458, type: 3}
      propertyPath: m_LocalEulerAnglesHint.y
      value: -89.99996
      objectReference: {fileID: 0}
    - target: {fileID: 400092, guid: a3560bb730612c143852efb7e3d8b458, type: 3}
      propertyPath: m_LocalEulerAnglesHint.z
      value: 55.516026
      objectReference: {fileID: 0}
    - target: {fileID: 400094, guid: a3560bb730612c143852efb7e3d8b458, type: 3}
      propertyPath: m_LocalEulerAnglesHint.x
      value: -6.748289
      objectReference: {fileID: 0}
    - target: {fileID: 400094, guid: a3560bb730612c143852efb7e3d8b458, type: 3}
      propertyPath: m_LocalEulerAnglesHint.y
      value: -89.99997
      objectReference: {fileID: 0}
    - target: {fileID: 400094, guid: a3560bb730612c143852efb7e3d8b458, type: 3}
      propertyPath: m_LocalEulerAnglesHint.z
      value: 66.328636
      objectReference: {fileID: 0}
    - target: {fileID: 9500000, guid: a3560bb730612c143852efb7e3d8b458, type: 3}
      propertyPath: m_Controller
      value: 
      objectReference: {fileID: 9100000, guid: 59913eaa26d3ce5479495e6050695f71, type: 2}
    - target: {fileID: 400088, guid: a3560bb730612c143852efb7e3d8b458, type: 3}
      propertyPath: m_LocalEulerAnglesHint.x
      value: -0.20071056
      objectReference: {fileID: 0}
    - target: {fileID: 400088, guid: a3560bb730612c143852efb7e3d8b458, type: 3}
      propertyPath: m_LocalEulerAnglesHint.y
      value: 0.22251295
      objectReference: {fileID: 0}
    - target: {fileID: 400088, guid: a3560bb730612c143852efb7e3d8b458, type: 3}
      propertyPath: m_LocalEulerAnglesHint.z
      value: -2.9069269
      objectReference: {fileID: 0}
    - target: {fileID: 400090, guid: a3560bb730612c143852efb7e3d8b458, type: 3}
      propertyPath: m_LocalEulerAnglesHint.x
      value: -0.00002196836
      objectReference: {fileID: 0}
    - target: {fileID: 400090, guid: a3560bb730612c143852efb7e3d8b458, type: 3}
      propertyPath: m_LocalEulerAnglesHint.y
      value: 0.0000007537111
      objectReference: {fileID: 0}
    - target: {fileID: 400090, guid: a3560bb730612c143852efb7e3d8b458, type: 3}
      propertyPath: m_LocalEulerAnglesHint.z
      value: 179.32446
      objectReference: {fileID: 0}
    - target: {fileID: 400086, guid: a3560bb730612c143852efb7e3d8b458, type: 3}
      propertyPath: m_LocalEulerAnglesHint.x
      value: 0.14952026
      objectReference: {fileID: 0}
    - target: {fileID: 400086, guid: a3560bb730612c143852efb7e3d8b458, type: 3}
      propertyPath: m_LocalEulerAnglesHint.y
      value: 1.4627619
      objectReference: {fileID: 0}
    - target: {fileID: 400086, guid: a3560bb730612c143852efb7e3d8b458, type: 3}
      propertyPath: m_LocalEulerAnglesHint.z
      value: -17.433884
      objectReference: {fileID: 0}
    - target: {fileID: 400080, guid: a3560bb730612c143852efb7e3d8b458, type: 3}
      propertyPath: m_LocalEulerAnglesHint.x
      value: -0.7932431
      objectReference: {fileID: 0}
    - target: {fileID: 400080, guid: a3560bb730612c143852efb7e3d8b458, type: 3}
      propertyPath: m_LocalEulerAnglesHint.y
      value: 1.0483913
      objectReference: {fileID: 0}
    - target: {fileID: 400080, guid: a3560bb730612c143852efb7e3d8b458, type: 3}
      propertyPath: m_LocalEulerAnglesHint.z
      value: -12.784007
      objectReference: {fileID: 0}
    - target: {fileID: 400084, guid: a3560bb730612c143852efb7e3d8b458, type: 3}
      propertyPath: m_LocalEulerAnglesHint.x
      value: -1.0596507
      objectReference: {fileID: 0}
    - target: {fileID: 400084, guid: a3560bb730612c143852efb7e3d8b458, type: 3}
      propertyPath: m_LocalEulerAnglesHint.y
      value: 5.170728
      objectReference: {fileID: 0}
    - target: {fileID: 400084, guid: a3560bb730612c143852efb7e3d8b458, type: 3}
      propertyPath: m_LocalEulerAnglesHint.z
      value: -12.121024
      objectReference: {fileID: 0}
    - target: {fileID: 400078, guid: a3560bb730612c143852efb7e3d8b458, type: 3}
      propertyPath: m_LocalEulerAnglesHint.x
      value: -0.20071085
      objectReference: {fileID: 0}
    - target: {fileID: 400078, guid: a3560bb730612c143852efb7e3d8b458, type: 3}
      propertyPath: m_LocalEulerAnglesHint.y
      value: 0.2225168
      objectReference: {fileID: 0}
    - target: {fileID: 400078, guid: a3560bb730612c143852efb7e3d8b458, type: 3}
      propertyPath: m_LocalEulerAnglesHint.z
      value: -2.9069262
      objectReference: {fileID: 0}
    - target: {fileID: 400082, guid: a3560bb730612c143852efb7e3d8b458, type: 3}
      propertyPath: m_LocalEulerAnglesHint.x
      value: -1.7907652
      objectReference: {fileID: 0}
    - target: {fileID: 400082, guid: a3560bb730612c143852efb7e3d8b458, type: 3}
      propertyPath: m_LocalEulerAnglesHint.y
      value: 4.089838
      objectReference: {fileID: 0}
    - target: {fileID: 400082, guid: a3560bb730612c143852efb7e3d8b458, type: 3}
      propertyPath: m_LocalEulerAnglesHint.z
      value: -10.876556
      objectReference: {fileID: 0}
    - target: {fileID: 400076, guid: a3560bb730612c143852efb7e3d8b458, type: 3}
      propertyPath: m_LocalEulerAnglesHint.x
      value: 19.134457
      objectReference: {fileID: 0}
    - target: {fileID: 400076, guid: a3560bb730612c143852efb7e3d8b458, type: 3}
      propertyPath: m_LocalEulerAnglesHint.y
      value: 133.92523
      objectReference: {fileID: 0}
    - target: {fileID: 400076, guid: a3560bb730612c143852efb7e3d8b458, type: 3}
      propertyPath: m_LocalEulerAnglesHint.z
      value: -16.70799
      objectReference: {fileID: 0}
    - target: {fileID: 400072, guid: a3560bb730612c143852efb7e3d8b458, type: 3}
      propertyPath: m_LocalEulerAnglesHint.x
      value: -26.530674
      objectReference: {fileID: 0}
    - target: {fileID: 400072, guid: a3560bb730612c143852efb7e3d8b458, type: 3}
      propertyPath: m_LocalEulerAnglesHint.y
      value: -147.72513
      objectReference: {fileID: 0}
    - target: {fileID: 400072, guid: a3560bb730612c143852efb7e3d8b458, type: 3}
      propertyPath: m_LocalEulerAnglesHint.z
      value: -21.252691
      objectReference: {fileID: 0}
    - target: {fileID: 400074, guid: a3560bb730612c143852efb7e3d8b458, type: 3}
      propertyPath: m_LocalEulerAnglesHint.x
      value: 0.18406321
      objectReference: {fileID: 0}
    - target: {fileID: 400074, guid: a3560bb730612c143852efb7e3d8b458, type: 3}
      propertyPath: m_LocalEulerAnglesHint.y
      value: -0.035248578
      objectReference: {fileID: 0}
    - target: {fileID: 400074, guid: a3560bb730612c143852efb7e3d8b458, type: 3}
      propertyPath: m_LocalEulerAnglesHint.z
      value: -9.763882
      objectReference: {fileID: 0}
    - target: {fileID: 400036, guid: a3560bb730612c143852efb7e3d8b458, type: 3}
      propertyPath: m_LocalEulerAnglesHint.x
      value: 0.8201862
      objectReference: {fileID: 0}
    - target: {fileID: 400036, guid: a3560bb730612c143852efb7e3d8b458, type: 3}
      propertyPath: m_LocalEulerAnglesHint.y
      value: 0.06694908
      objectReference: {fileID: 0}
    - target: {fileID: 400036, guid: a3560bb730612c143852efb7e3d8b458, type: 3}
      propertyPath: m_LocalEulerAnglesHint.z
      value: 1.8001279
      objectReference: {fileID: 0}
    - target: {fileID: 400032, guid: a3560bb730612c143852efb7e3d8b458, type: 3}
      propertyPath: m_LocalEulerAnglesHint.x
      value: 5.922094
      objectReference: {fileID: 0}
    - target: {fileID: 400032, guid: a3560bb730612c143852efb7e3d8b458, type: 3}
      propertyPath: m_LocalEulerAnglesHint.y
      value: 31.126318
      objectReference: {fileID: 0}
    - target: {fileID: 400032, guid: a3560bb730612c143852efb7e3d8b458, type: 3}
      propertyPath: m_LocalEulerAnglesHint.z
      value: -46.508713
      objectReference: {fileID: 0}
    - target: {fileID: 400070, guid: a3560bb730612c143852efb7e3d8b458, type: 3}
      propertyPath: m_LocalEulerAnglesHint.x
      value: 1.4532144
      objectReference: {fileID: 0}
    - target: {fileID: 400070, guid: a3560bb730612c143852efb7e3d8b458, type: 3}
      propertyPath: m_LocalEulerAnglesHint.y
      value: -21.33033
      objectReference: {fileID: 0}
    - target: {fileID: 400070, guid: a3560bb730612c143852efb7e3d8b458, type: 3}
      propertyPath: m_LocalEulerAnglesHint.z
      value: -66.436745
      objectReference: {fileID: 0}
    - target: {fileID: 400034, guid: a3560bb730612c143852efb7e3d8b458, type: 3}
      propertyPath: m_LocalEulerAnglesHint.x
      value: 0.12324989
      objectReference: {fileID: 0}
    - target: {fileID: 400034, guid: a3560bb730612c143852efb7e3d8b458, type: 3}
      propertyPath: m_LocalEulerAnglesHint.y
      value: 0.3528908
      objectReference: {fileID: 0}
    - target: {fileID: 400034, guid: a3560bb730612c143852efb7e3d8b458, type: 3}
      propertyPath: m_LocalEulerAnglesHint.z
      value: 21.57406
      objectReference: {fileID: 0}
    - target: {fileID: 400030, guid: a3560bb730612c143852efb7e3d8b458, type: 3}
      propertyPath: m_LocalEulerAnglesHint.x
      value: 56.4182
      objectReference: {fileID: 0}
    - target: {fileID: 400030, guid: a3560bb730612c143852efb7e3d8b458, type: 3}
      propertyPath: m_LocalEulerAnglesHint.y
      value: -126.674965
      objectReference: {fileID: 0}
    - target: {fileID: 400030, guid: a3560bb730612c143852efb7e3d8b458, type: 3}
      propertyPath: m_LocalEulerAnglesHint.z
      value: -177.49324
      objectReference: {fileID: 0}
    - target: {fileID: 400068, guid: a3560bb730612c143852efb7e3d8b458, type: 3}
      propertyPath: m_LocalEulerAnglesHint.x
      value: -49.878887
      objectReference: {fileID: 0}
    - target: {fileID: 400068, guid: a3560bb730612c143852efb7e3d8b458, type: 3}
      propertyPath: m_LocalEulerAnglesHint.y
      value: -168.77003
      objectReference: {fileID: 0}
    - target: {fileID: 400068, guid: a3560bb730612c143852efb7e3d8b458, type: 3}
      propertyPath: m_LocalEulerAnglesHint.z
      value: 120.226555
      objectReference: {fileID: 0}
    - target: {fileID: 400060, guid: a3560bb730612c143852efb7e3d8b458, type: 3}
      propertyPath: m_LocalEulerAnglesHint.x
      value: -0.0035050532
      objectReference: {fileID: 0}
    - target: {fileID: 400060, guid: a3560bb730612c143852efb7e3d8b458, type: 3}
      propertyPath: m_LocalEulerAnglesHint.y
      value: 0.0060505383
      objectReference: {fileID: 0}
    - target: {fileID: 400060, guid: a3560bb730612c143852efb7e3d8b458, type: 3}
      propertyPath: m_LocalEulerAnglesHint.z
      value: 29.873669
      objectReference: {fileID: 0}
    - target: {fileID: 400062, guid: a3560bb730612c143852efb7e3d8b458, type: 3}
      propertyPath: m_LocalEulerAnglesHint.x
      value: 0.044478834
      objectReference: {fileID: 0}
    - target: {fileID: 400062, guid: a3560bb730612c143852efb7e3d8b458, type: 3}
      propertyPath: m_LocalEulerAnglesHint.y
      value: -10.178601
      objectReference: {fileID: 0}
    - target: {fileID: 400062, guid: a3560bb730612c143852efb7e3d8b458, type: 3}
      propertyPath: m_LocalEulerAnglesHint.z
      value: 38.846397
      objectReference: {fileID: 0}
    - target: {fileID: 400058, guid: a3560bb730612c143852efb7e3d8b458, type: 3}
      propertyPath: m_LocalEulerAnglesHint.x
      value: -8.429099
      objectReference: {fileID: 0}
    - target: {fileID: 400058, guid: a3560bb730612c143852efb7e3d8b458, type: 3}
      propertyPath: m_LocalEulerAnglesHint.y
      value: 51.714256
      objectReference: {fileID: 0}
    - target: {fileID: 400058, guid: a3560bb730612c143852efb7e3d8b458, type: 3}
      propertyPath: m_LocalEulerAnglesHint.z
      value: 26.98784
      objectReference: {fileID: 0}
    - target: {fileID: 400028, guid: a3560bb730612c143852efb7e3d8b458, type: 3}
      propertyPath: m_LocalEulerAnglesHint.x
      value: -0.103041455
      objectReference: {fileID: 0}
    - target: {fileID: 400028, guid: a3560bb730612c143852efb7e3d8b458, type: 3}
      propertyPath: m_LocalEulerAnglesHint.y
      value: -16.501411
      objectReference: {fileID: 0}
    - target: {fileID: 400028, guid: a3560bb730612c143852efb7e3d8b458, type: 3}
      propertyPath: m_LocalEulerAnglesHint.z
      value: 12.711621
      objectReference: {fileID: 0}
    - target: {fileID: 400024, guid: a3560bb730612c143852efb7e3d8b458, type: 3}
      propertyPath: m_LocalEulerAnglesHint.x
      value: -0.044464532
      objectReference: {fileID: 0}
    - target: {fileID: 400024, guid: a3560bb730612c143852efb7e3d8b458, type: 3}
      propertyPath: m_LocalEulerAnglesHint.y
      value: 10.178617
      objectReference: {fileID: 0}
    - target: {fileID: 400024, guid: a3560bb730612c143852efb7e3d8b458, type: 3}
      propertyPath: m_LocalEulerAnglesHint.z
      value: 29.046381
      objectReference: {fileID: 0}
    - target: {fileID: 400026, guid: a3560bb730612c143852efb7e3d8b458, type: 3}
      propertyPath: m_LocalEulerAnglesHint.x
      value: 0.04203384
      objectReference: {fileID: 0}
    - target: {fileID: 400026, guid: a3560bb730612c143852efb7e3d8b458, type: 3}
      propertyPath: m_LocalEulerAnglesHint.y
      value: -6.3754277
      objectReference: {fileID: 0}
    - target: {fileID: 400026, guid: a3560bb730612c143852efb7e3d8b458, type: 3}
      propertyPath: m_LocalEulerAnglesHint.z
      value: 19.4515
      objectReference: {fileID: 0}
    - target: {fileID: 400020, guid: a3560bb730612c143852efb7e3d8b458, type: 3}
      propertyPath: m_LocalEulerAnglesHint.x
      value: -10.721103
      objectReference: {fileID: 0}
    - target: {fileID: 400020, guid: a3560bb730612c143852efb7e3d8b458, type: 3}
      propertyPath: m_LocalEulerAnglesHint.y
      value: -53.770477
      objectReference: {fileID: 0}
    - target: {fileID: 400020, guid: a3560bb730612c143852efb7e3d8b458, type: 3}
      propertyPath: m_LocalEulerAnglesHint.z
      value: 30.583475
      objectReference: {fileID: 0}
    - target: {fileID: 400022, guid: a3560bb730612c143852efb7e3d8b458, type: 3}
      propertyPath: m_LocalEulerAnglesHint.x
      value: 0.003299356
      objectReference: {fileID: 0}
    - target: {fileID: 400022, guid: a3560bb730612c143852efb7e3d8b458, type: 3}
      propertyPath: m_LocalEulerAnglesHint.y
      value: -0.0061506755
      objectReference: {fileID: 0}
    - target: {fileID: 400022, guid: a3560bb730612c143852efb7e3d8b458, type: 3}
      propertyPath: m_LocalEulerAnglesHint.z
      value: 27.873663
      objectReference: {fileID: 0}
    - target: {fileID: 400064, guid: a3560bb730612c143852efb7e3d8b458, type: 3}
      propertyPath: m_LocalEulerAnglesHint.x
      value: -0.04201111
      objectReference: {fileID: 0}
    - target: {fileID: 400064, guid: a3560bb730612c143852efb7e3d8b458, type: 3}
      propertyPath: m_LocalEulerAnglesHint.y
      value: 6.3754416
      objectReference: {fileID: 0}
    - target: {fileID: 400064, guid: a3560bb730612c143852efb7e3d8b458, type: 3}
      propertyPath: m_LocalEulerAnglesHint.z
      value: 23.151508
      objectReference: {fileID: 0}
    - target: {fileID: 400066, guid: a3560bb730612c143852efb7e3d8b458, type: 3}
      propertyPath: m_LocalEulerAnglesHint.x
      value: 0.103048176
      objectReference: {fileID: 0}
    - target: {fileID: 400066, guid: a3560bb730612c143852efb7e3d8b458, type: 3}
      propertyPath: m_LocalEulerAnglesHint.y
      value: 16.501402
      objectReference: {fileID: 0}
    - target: {fileID: 400066, guid: a3560bb730612c143852efb7e3d8b458, type: 3}
      propertyPath: m_LocalEulerAnglesHint.z
      value: 15.211647
      objectReference: {fileID: 0}
    - target: {fileID: 400056, guid: a3560bb730612c143852efb7e3d8b458, type: 3}
      propertyPath: m_LocalEulerAnglesHint.x
      value: -0.035107695
      objectReference: {fileID: 0}
    - target: {fileID: 400056, guid: a3560bb730612c143852efb7e3d8b458, type: 3}
      propertyPath: m_LocalEulerAnglesHint.y
      value: 1.9590448
      objectReference: {fileID: 0}
    - target: {fileID: 400056, guid: a3560bb730612c143852efb7e3d8b458, type: 3}
      propertyPath: m_LocalEulerAnglesHint.z
      value: 15.222146
      objectReference: {fileID: 0}
    - target: {fileID: 400052, guid: a3560bb730612c143852efb7e3d8b458, type: 3}
      propertyPath: m_LocalEulerAnglesHint.x
      value: 0.3329982
      objectReference: {fileID: 0}
    - target: {fileID: 400052, guid: a3560bb730612c143852efb7e3d8b458, type: 3}
      propertyPath: m_LocalEulerAnglesHint.y
      value: -0.54597586
      objectReference: {fileID: 0}
    - target: {fileID: 400052, guid: a3560bb730612c143852efb7e3d8b458, type: 3}
      propertyPath: m_LocalEulerAnglesHint.z
      value: 23.257391
      objectReference: {fileID: 0}
    - target: {fileID: 400048, guid: a3560bb730612c143852efb7e3d8b458, type: 3}
      propertyPath: m_LocalEulerAnglesHint.x
      value: -0.16884449
      objectReference: {fileID: 0}
    - target: {fileID: 400048, guid: a3560bb730612c143852efb7e3d8b458, type: 3}
      propertyPath: m_LocalEulerAnglesHint.y
      value: 0.010631308
      objectReference: {fileID: 0}
    - target: {fileID: 400048, guid: a3560bb730612c143852efb7e3d8b458, type: 3}
      propertyPath: m_LocalEulerAnglesHint.z
      value: 39.06643
      objectReference: {fileID: 0}
    - target: {fileID: 400044, guid: a3560bb730612c143852efb7e3d8b458, type: 3}
      propertyPath: m_LocalEulerAnglesHint.x
      value: -0.003915272
      objectReference: {fileID: 0}
    - target: {fileID: 400044, guid: a3560bb730612c143852efb7e3d8b458, type: 3}
      propertyPath: m_LocalEulerAnglesHint.y
      value: 1.7910314
      objectReference: {fileID: 0}
    - target: {fileID: 400044, guid: a3560bb730612c143852efb7e3d8b458, type: 3}
      propertyPath: m_LocalEulerAnglesHint.z
      value: 30.126545
      objectReference: {fileID: 0}
    - target: {fileID: 400040, guid: a3560bb730612c143852efb7e3d8b458, type: 3}
      propertyPath: m_LocalEulerAnglesHint.x
      value: 0.0130032925
      objectReference: {fileID: 0}
    - target: {fileID: 400040, guid: a3560bb730612c143852efb7e3d8b458, type: 3}
      propertyPath: m_LocalEulerAnglesHint.y
      value: -2.6525233
      objectReference: {fileID: 0}
    - target: {fileID: 400040, guid: a3560bb730612c143852efb7e3d8b458, type: 3}
      propertyPath: m_LocalEulerAnglesHint.z
      value: 28.08641
      objectReference: {fileID: 0}
    - target: {fileID: 400018, guid: a3560bb730612c143852efb7e3d8b458, type: 3}
      propertyPath: m_LocalEulerAnglesHint.x
      value: 0.035088763
      objectReference: {fileID: 0}
    - target: {fileID: 400018, guid: a3560bb730612c143852efb7e3d8b458, type: 3}
      propertyPath: m_LocalEulerAnglesHint.y
      value: -1.9590279
      objectReference: {fileID: 0}
    - target: {fileID: 400018, guid: a3560bb730612c143852efb7e3d8b458, type: 3}
      propertyPath: m_LocalEulerAnglesHint.z
      value: 12.722165
      objectReference: {fileID: 0}
    - target: {fileID: 400014, guid: a3560bb730612c143852efb7e3d8b458, type: 3}
      propertyPath: m_LocalEulerAnglesHint.x
      value: -0.2970749
      objectReference: {fileID: 0}
    - target: {fileID: 400014, guid: a3560bb730612c143852efb7e3d8b458, type: 3}
      propertyPath: m_LocalEulerAnglesHint.y
      value: 0.5663301
      objectReference: {fileID: 0}
    - target: {fileID: 400014, guid: a3560bb730612c143852efb7e3d8b458, type: 3}
      propertyPath: m_LocalEulerAnglesHint.z
      value: 19.557518
      objectReference: {fileID: 0}
    - target: {fileID: 400010, guid: a3560bb730612c143852efb7e3d8b458, type: 3}
      propertyPath: m_LocalEulerAnglesHint.x
      value: 0.16455303
      objectReference: {fileID: 0}
    - target: {fileID: 400010, guid: a3560bb730612c143852efb7e3d8b458, type: 3}
      propertyPath: m_LocalEulerAnglesHint.y
      value: -0.03921466
      objectReference: {fileID: 0}
    - target: {fileID: 400010, guid: a3560bb730612c143852efb7e3d8b458, type: 3}
      propertyPath: m_LocalEulerAnglesHint.z
      value: 29.26639
      objectReference: {fileID: 0}
    - target: {fileID: 400006, guid: a3560bb730612c143852efb7e3d8b458, type: 3}
      propertyPath: m_LocalEulerAnglesHint.x
      value: 0.003926398
      objectReference: {fileID: 0}
    - target: {fileID: 400006, guid: a3560bb730612c143852efb7e3d8b458, type: 3}
      propertyPath: m_LocalEulerAnglesHint.y
      value: -1.7910147
      objectReference: {fileID: 0}
    - target: {fileID: 400006, guid: a3560bb730612c143852efb7e3d8b458, type: 3}
      propertyPath: m_LocalEulerAnglesHint.z
      value: 28.126558
      objectReference: {fileID: 0}
    - target: {fileID: 400002, guid: a3560bb730612c143852efb7e3d8b458, type: 3}
      propertyPath: m_LocalEulerAnglesHint.x
      value: -0.012981894
      objectReference: {fileID: 0}
    - target: {fileID: 400002, guid: a3560bb730612c143852efb7e3d8b458, type: 3}
      propertyPath: m_LocalEulerAnglesHint.y
      value: 2.6525047
      objectReference: {fileID: 0}
    - target: {fileID: 400002, guid: a3560bb730612c143852efb7e3d8b458, type: 3}
      propertyPath: m_LocalEulerAnglesHint.z
      value: 27.886404
      objectReference: {fileID: 0}
    - target: {fileID: 400054, guid: a3560bb730612c143852efb7e3d8b458, type: 3}
      propertyPath: m_LocalEulerAnglesHint.x
      value: 0.13271058
      objectReference: {fileID: 0}
    - target: {fileID: 400054, guid: a3560bb730612c143852efb7e3d8b458, type: 3}
      propertyPath: m_LocalEulerAnglesHint.y
      value: 0.7109339
      objectReference: {fileID: 0}
    - target: {fileID: 400054, guid: a3560bb730612c143852efb7e3d8b458, type: 3}
      propertyPath: m_LocalEulerAnglesHint.z
      value: 16.331345
      objectReference: {fileID: 0}
    - target: {fileID: 400050, guid: a3560bb730612c143852efb7e3d8b458, type: 3}
      propertyPath: m_LocalEulerAnglesHint.x
      value: 0.10541111
      objectReference: {fileID: 0}
    - target: {fileID: 400050, guid: a3560bb730612c143852efb7e3d8b458, type: 3}
      propertyPath: m_LocalEulerAnglesHint.y
      value: 1.8665941
      objectReference: {fileID: 0}
    - target: {fileID: 400050, guid: a3560bb730612c143852efb7e3d8b458, type: 3}
      propertyPath: m_LocalEulerAnglesHint.z
      value: 24.479286
      objectReference: {fileID: 0}
    - target: {fileID: 400046, guid: a3560bb730612c143852efb7e3d8b458, type: 3}
      propertyPath: m_LocalEulerAnglesHint.x
      value: -0.14816064
      objectReference: {fileID: 0}
    - target: {fileID: 400046, guid: a3560bb730612c143852efb7e3d8b458, type: 3}
      propertyPath: m_LocalEulerAnglesHint.y
      value: 1.6835982
      objectReference: {fileID: 0}
    - target: {fileID: 400046, guid: a3560bb730612c143852efb7e3d8b458, type: 3}
      propertyPath: m_LocalEulerAnglesHint.z
      value: 40.215355
      objectReference: {fileID: 0}
    - target: {fileID: 400042, guid: a3560bb730612c143852efb7e3d8b458, type: 3}
      propertyPath: m_LocalEulerAnglesHint.x
      value: 0.012547431
      objectReference: {fileID: 0}
    - target: {fileID: 400042, guid: a3560bb730612c143852efb7e3d8b458, type: 3}
      propertyPath: m_LocalEulerAnglesHint.y
      value: -1.7979614
      objectReference: {fileID: 0}
    - target: {fileID: 400042, guid: a3560bb730612c143852efb7e3d8b458, type: 3}
      propertyPath: m_LocalEulerAnglesHint.z
      value: 31.19949
      objectReference: {fileID: 0}
    - target: {fileID: 400038, guid: a3560bb730612c143852efb7e3d8b458, type: 3}
      propertyPath: m_LocalEulerAnglesHint.x
      value: -0.06552639
      objectReference: {fileID: 0}
    - target: {fileID: 400038, guid: a3560bb730612c143852efb7e3d8b458, type: 3}
      propertyPath: m_LocalEulerAnglesHint.y
      value: -3.0342238
      objectReference: {fileID: 0}
    - target: {fileID: 400038, guid: a3560bb730612c143852efb7e3d8b458, type: 3}
      propertyPath: m_LocalEulerAnglesHint.z
      value: 29.02001
      objectReference: {fileID: 0}
    - target: {fileID: 400016, guid: a3560bb730612c143852efb7e3d8b458, type: 3}
      propertyPath: m_LocalEulerAnglesHint.x
      value: -0.16359851
      objectReference: {fileID: 0}
    - target: {fileID: 400016, guid: a3560bb730612c143852efb7e3d8b458, type: 3}
      propertyPath: m_LocalEulerAnglesHint.y
      value: -0.7044647
      objectReference: {fileID: 0}
    - target: {fileID: 400016, guid: a3560bb730612c143852efb7e3d8b458, type: 3}
      propertyPath: m_LocalEulerAnglesHint.z
      value: 13.831535
      objectReference: {fileID: 0}
    - target: {fileID: 400012, guid: a3560bb730612c143852efb7e3d8b458, type: 3}
      propertyPath: m_LocalEulerAnglesHint.x
      value: -0.10541461
      objectReference: {fileID: 0}
    - target: {fileID: 400012, guid: a3560bb730612c143852efb7e3d8b458, type: 3}
      propertyPath: m_LocalEulerAnglesHint.y
      value: -1.8666078
      objectReference: {fileID: 0}
    - target: {fileID: 400012, guid: a3560bb730612c143852efb7e3d8b458, type: 3}
      propertyPath: m_LocalEulerAnglesHint.z
      value: 20.779293
      objectReference: {fileID: 0}
    - target: {fileID: 400008, guid: a3560bb730612c143852efb7e3d8b458, type: 3}
      propertyPath: m_LocalEulerAnglesHint.x
      value: 0.14813076
      objectReference: {fileID: 0}
    - target: {fileID: 400008, guid: a3560bb730612c143852efb7e3d8b458, type: 3}
      propertyPath: m_LocalEulerAnglesHint.y
      value: -1.6836228
      objectReference: {fileID: 0}
    - target: {fileID: 400008, guid: a3560bb730612c143852efb7e3d8b458, type: 3}
      propertyPath: m_LocalEulerAnglesHint.z
      value: 30.415354
      objectReference: {fileID: 0}
    - target: {fileID: 400004, guid: a3560bb730612c143852efb7e3d8b458, type: 3}
      propertyPath: m_LocalEulerAnglesHint.x
      value: -0.012541694
      objectReference: {fileID: 0}
    - target: {fileID: 400004, guid: a3560bb730612c143852efb7e3d8b458, type: 3}
      propertyPath: m_LocalEulerAnglesHint.y
      value: 1.7979494
      objectReference: {fileID: 0}
    - target: {fileID: 400004, guid: a3560bb730612c143852efb7e3d8b458, type: 3}
      propertyPath: m_LocalEulerAnglesHint.z
      value: 29.199444
      objectReference: {fileID: 0}
    - target: {fileID: 400000, guid: a3560bb730612c143852efb7e3d8b458, type: 3}
      propertyPath: m_LocalEulerAnglesHint.x
      value: 0.06554058
      objectReference: {fileID: 0}
    - target: {fileID: 400000, guid: a3560bb730612c143852efb7e3d8b458, type: 3}
      propertyPath: m_LocalEulerAnglesHint.y
      value: 3.034234
      objectReference: {fileID: 0}
    - target: {fileID: 400000, guid: a3560bb730612c143852efb7e3d8b458, type: 3}
      propertyPath: m_LocalEulerAnglesHint.z
      value: 28.819988
      objectReference: {fileID: 0}
    m_RemovedComponents: []
  m_SourcePrefab: {fileID: 100100000, guid: a3560bb730612c143852efb7e3d8b458, type: 3}
--- !u!4 &4500936258841888967 stripped
Transform:
  m_CorrespondingSourceObject: {fileID: 400122, guid: a3560bb730612c143852efb7e3d8b458,
    type: 3}
  m_PrefabInstance: {fileID: 4500936258842022461}
  m_PrefabAsset: {fileID: 0}
